<?xml version="1.0" encoding="UTF-8"?><record xmlns="http://www.loc.gov/MARC21/slim" xmlns:cinclude="http://apache.org/cocoon/include/1.0" xmlns:zs="http://www.loc.gov/zing/srw/">
  <leader>00583cz  a2200133n  4500</leader>
  <controlfield tag="001">n  87808494 </controlfield>
  <controlfield tag="003">DLC</controlfield>
  <controlfield tag="005">19930819163257.6</controlfield>
  <controlfield tag="008">870213n| acannaab|          |n aaa |||  </controlfield>
  <datafield tag="010" ind1=" " ind2=" ">
    <subfield code="a">n  87808494 </subfield>
  </datafield>
  <datafield tag="040" ind1=" " ind2=" ">
    <subfield code="a">DLC</subfield>
    <subfield code="c">DLC</subfield>
    <subfield code="d">DLC</subfield>
  </datafield>
  <datafield tag="100" ind1="1" ind2="0">
    <subfield code="a">Jeffrey, Brooke</subfield>
  </datafield>
  <datafield tag="670" ind1=" " ind2=" ">
    <subfield code="a">nuc87-11503: Author's Le FrancĚ§ais et les communications modernes, 1980</subfield>
    <subfield code="b">(hdg. on CaOTU rept.: Jeffrey, Brooke; usage: Brooke Jeffrey)</subfield>
  </datafield>
  <datafield tag="670" ind1=" " ind2=" ">
    <subfield code="a">Strange bedfellows, trying times, c1993:</subfield>
    <subfield code="b">t.p. (Brooke Jeffrey) p. 4 of cover (a veteran public servant, she teaches public policy and Canadian federalism at Concordia Univ.)</subfield>
  </datafield>
</record>